<?xml version="1.0" encoding="UTF-8"?><collection xmlns="http://www.loc.gov/MARC21/slim"><record><leader>00659nam--2200193-i-4500</leader><controlfield tag="001">000038326</controlfield><controlfield tag="002">20161230</controlfield><controlfield tag="005">20161230201041</controlfield><controlfield tag="008">060222s1000------------r-----000-0-eng-d</controlfield><datafield ind1=" " ind2=" " tag="020"><subfield code="a">9971966603</subfield></datafield><datafield ind1=" " ind2=" " tag="040"><subfield code="a">IFIN-HH</subfield></datafield><datafield ind1=" " ind2=" " tag="080"><subfield code="a">524.83(061.3)</subfield></datafield><datafield ind1="1" ind2=" " tag="100"><subfield code="a">Fustero, X</subfield></datafield><datafield ind1="1" ind2="0" tag="245"><subfield code="a">Relativistic astrophysics and cosmology</subfield><subfield code="b">Proceedings of the xivth gift international summer school on theoretical physics 27 june - 1 july 1983 sany feliu de guixols, catalonia, spain</subfield><subfield code="c">X. fustero, e. verdaguer (eds.)</subfield></datafield><datafield ind1=" " ind2=" " tag="260"><subfield code="a">Singapore</subfield><subfield code="b">World Scientific</subfield><subfield code="c">1984</subfield></datafield><datafield ind1=" " ind2=" " tag="300"><subfield code="a">301P</subfield></datafield><datafield ind1="1" ind2=" " tag="700"><subfield code="a">Verdaguer, E</subfield><subfield code="e">Ed</subfield></datafield><datafield ind1=" " ind2=" " tag="852"><subfield code="a">79103</subfield><subfield code="c">523</subfield></datafield><datafield ind1=" " ind2=" " tag="CAT"><subfield code="a">Sys</subfield><subfield code="c">20141209</subfield><subfield code="h">170533</subfield></datafield></record></collection>